<record><leader>00000cas a2200000 a 4500</leader><controlfield tag="001">12257873</controlfield><controlfield tag="008">850712d18931910ksuwr ne      0    0eng d</controlfield><datafield ind1=" " ind2=" " tag="010"><subfield code="a">sn 85031415 </subfield></datafield><datafield ind1=" " ind2=" " tag="040"><subfield code="a">KSH</subfield><subfield code="b">eng</subfield><subfield code="c">KSH</subfield><subfield code="d">NPT</subfield><subfield code="d">OCL</subfield><subfield code="d">OCLCQ</subfield></datafield><datafield ind1=" " ind2=" " tag="042"><subfield code="a">msc</subfield></datafield><datafield ind1="0" ind2=" " tag="130"><subfield code="a">Coffeyville journal (Coffeyville, Kan. : 1893)</subfield></datafield><datafield ind1="1" ind2="4" tag="245"><subfield code="a">The Coffeyville journal.</subfield></datafield><datafield ind1=" " ind2=" " tag="260"><subfield code="a">Coffeyville, Kan. :</subfield><subfield code="b">Elliott Print. Co.,</subfield><subfield code="c">1893-1910.</subfield></datafield><datafield ind1=" " ind2=" " tag="300"><subfield code="a">19 v. :</subfield><subfield code="b">ill. ;</subfield><subfield code="c">52 cm.</subfield></datafield><datafield ind1=" " ind2=" " tag="310"><subfield code="a">Weekly</subfield></datafield><datafield ind1="0" ind2=" " tag="362"><subfield code="a">Vol. 18, no. 50 (Dec. 15, 1893)-v. 37, no. 42 (Oct. 21, 1910).</subfield></datafield><datafield ind1=" " ind2=" " tag="500"><subfield code="a">Published by: Journal Printing Co., Sept. 3, 1897-May 30, 1902; W.G. Weaverling &amp; I.R. Arbogast, June 6, 1902-Oct. 21, 1910.</subfield></datafield><datafield ind1=" " ind2=" " tag="580"><subfield code="a">Issued also in a daily edition called: Daily journal (Coffeyville, Kan. : 1893).</subfield></datafield><datafield ind1=" " ind2=" " tag="752"><subfield code="a">United States</subfield><subfield code="b">Kansas</subfield><subfield code="c">Montgomery</subfield><subfield code="d">Coffeyville.</subfield></datafield><datafield ind1="1" ind2=" " tag="775"><subfield code="t">Daily journal (Coffeyville, Kan. : 1893)</subfield><subfield code="w">(DLC)sn 85031418</subfield></datafield><datafield ind1="0" ind2="0" tag="780"><subfield code="t">Journal (Coffeyville, Kan.)</subfield><subfield code="w">(DLC)sn 85031414</subfield></datafield><datafield ind1="0" ind2="0" tag="785"><subfield code="t">Coffeyville weekly journal</subfield><subfield code="w">(DLC)sn 85031416</subfield></datafield></record>